@book{cormen_2009,
	author = {Cormen, Thomas H. and Leiserson, Charles E. and Rivest, Ronald L. and Stein, Clifford},
	year = {2009},
	title = {Introduction to Algorithms},
	edition = {3},
	publisher = {The {MIT} Press},
	pagetotal = {1292},
	isbn = {978-0-262-03384-8}
}

@book{skiena_2012,
	author = {Skiena, Steven S.},
	year = {2012},
	title = {The Algorithm Design Manual},
	edition = {2},
	publisher = {Springer},
	pagetotal = {730},
	isbn = {978-1-84800-069-8}
}


@article{drmota_2013,
	author = {Drmota, Michael and Szpankowski, Wojciech},
	year = {2013},
	title = {A Master Theorem for Discrete Divide and Conquer Recurrences},
	journal = {Journal of the ACM},
	publisher = {Association for Computing Machinery},
	volume = {60},
	number = {3},
	articleno = {16},
	numpages = {49},
	doi = {10.1145/2487241.2487242}
}

@article{akra_1998,
	author = {Akra, Mohamad and Bazzi, Louay},
	year = {1998},
	title = {On the Solution of Linear Recurrence Equations},
	journaltitle = {Computational Optimization and Applications},
	volume = {10},
	number = {2},
	pages = {195-210},
	doi = {10.1023/A:1018373005182}
}

@online{leighton_1996,
	author = {Leighton, Tom},
	year = {1996},
	title = {Notes on Better Master Theorems for Divide-and-Conquer Recurrences},
	url = {https://courses.csail.mit.edu/6.046/spring04/handouts/akrabazzi.pdf}
}

@book{chartrand_2012,
  author = {Chartrand, Gary and Polimeni, Albert D. and Zhang, Ping},
  year = {2012},
  title = {Mathematical Proofs: A Transition to Advanced Mathematics},
  edition = {3},
  publisher = {Pearson},
  pagetotal = {424},
  isbn = {978-0-321-79709-4}
}

@book{bloch_2011,
  author = {Bloch, Ethan D.},
  year = {2011},
  title = {Proofs and Fundamentals: A First Course in Abstract Mathematics},
  edition = {2},
  publisher = {Springer},
  pagetotal = {358},
  isbn = {978-1-4419-7126-5}
}

@book{epp_2004,
  author = {Epp, Susanna S.},
  year = {2004},
  title = {Discrete Mathematics with Applications},
  edition = {3},
  publisher = {Brooks/Cole - Thomson Learning, Inc.},
  pagetotal = {928},
  isbn = {978-0-534-35945-0}
}

@book{scheinerman_2013,
	author = {Scheinerman, Edward A.},
	year = {2013},
	title = {Mathematics: A Discrete Introduction},
	edition = {3},
	publisher = {Brooks/Cole, Cengage Learning},
	pagetotal = {504},
	isbn = {978-0-8400-4942-1}	
}
